
@article{Abdi2010Qua,
  title={Quantifying the effects of root reinforcement of Persian Ironwood ( Parrotia persica ) on slope stability; a case study: Hillslope of Hyrcanian forests, northern Iran},
  author={Abdi, Ehsan and Majnounian, Baris and Genet, Maria and Rahimi, Hassan},
  journal={Ecological Engineering},
  volume={36},
  number={10},
  pages={1409-1416},
  year={2010},
}

@article{Cha2011Evaluation,
  title={Evaluation of slope stability with topography and slope stability analysis method},
  author={Cha, Kyung Seob and Kim, Tae Hoon},
  journal={Ksce Journal of Civil Engineering},
  volume={15},
  number={2},
  pages={251-256},
  year={2011},
}

@article{Ali2007Soil,
  title={Soil-roots Composite: Correlation Between Shear Strength and Some Plant Properties},
  author={Ali, F. H and Osman, N},
  journal={Electronic Journal of Geotechnical Engineering},
  volume={12 D},
  year={2007},
}

@article{Comino2009The,
  title={The effect of Poaceae roots on the shear strength of soils in the Italian alpine environment.},
  author={Comino, E and Druetta, A},
  journal={Soil Tillage Research},
  volume={106},
  number={2},
  pages={194-201},
  year={2009},
}

@article{Deng2007Test,
  title={Test and Calculation of Effect of Plant Root on Slope Consolidation},
  author={Deng, Wei Dong and Zhou, Qun Hua and Yan, Qiu Rong},
  journal={China Journal of Highway  Transport},
  volume={5,20},
  number={5},
  pages={7-12},
  year={2007},
}

@article{Duan2015In,
  title={In situ measurementon the capability offixing soil of local herbaceousroots in dry-hot valley of Jinsha River},
  author={Duan, Qing Song and Bing-Hui, H. E. and Jian-Xin, Y. U. and Zhang, Chuan and Shu-Hui, Z. I. and Yang, Yang and Ya-Wei, L. I.},
  journal={Journal of Yunnan University},
  year={2015},
}

@article{Dupuy2005A,
  title={A numerical investigation into the influence of soil type and root architecture on tree anchorage},
  author={Dupuy, Lionel and Fourcaud, Thierry and Stokes, Alexia},
  journal={Plant and Soil},
  volume={278},
  number={1},
  pages={119-134},
  year={2005},
}

@article{Endo1980Effect,
  title={Effect of tree roots upon the shear strength of soil.},
  author={Endo, T},
  volume={14},
  number={2},
  pages={112-115},
  year={1980},
}


@article{Fan2014Influence,
  title={Influence of the spatial layout of vegetation on the stability of slopes},
  author={Fan, Chia Cheng and Lai, Yi Fan},
  journal={Plant and Soil},
  volume={377},
  number={1-2},
  pages={83-95},
  year={2014},
}

@article{Fan2008Role,
  title={Role of roots in the shear strength of root-reinforced soils with high moisture content},
  author={Fan, Chia Cheng and Su, Chih Feng},
  journal={Ecological Engineering},
  volume={33},
  number={2},
  pages={157-166},
  year={2008},
}


@article{fan2016spatial,
  title={Spatial distribution of plant root forces in root-permeated soils subject to shear},
  author={Fan, Chia-Cheng and Tsai, Ming-Hung},
  journal={Soil and Tillage Research},
  volume={156},
  pages={1--15},
  year={2016},
  publisher={Elsevier}
}

@article{Fattet2011Effects,
  title={Effects of vegetation type on soil resistance to erosion: Relationship between aggregate stability and shear strength},
  author={Fattet, M. and Fu, Y. and Ghestem, M. and Ma, W. and Foulonneau, M. and Nespoulous, J. and Bissonnais, Y. Le and Stokes, A.},
  journal={Catena},
  volume={87},
  number={1},
  pages={60-69},
  year={2011},
}


@article{Gray1982Bio,
  title={Biotechnical slope protection and erosion control.},
  author={Gray, D. H and Leiser, A. T},
  journal={Nostrand Reinhold Co},
  year={1982},
}


@article{Gray1983Mechanics,
  title={Mechanics of Fiber Reinforcement in Sand},
  author={Gray, Donald H. and Ohashi, Harukazu},
  journal={Journal of Geotechnical Engineering},
  volume={109},
  number={3},
  pages={335-353},
  year={1983},
}

@article{Gyssels2005Impact,
  title={Impact of plant roots on the resistance of soils to erosion by water: a review},
  author={Gyssels, G. and Poesen, J. and Bochet, E. and Li, Y.},
  journal={Progress in Physical Geography},
  volume={29},
  number={2},
  pages={189-217},
  year={2005},
}

@article{Hec,
  title={Mechanical Characteristics of Soil-root Composite and Its Influence Factors in Degenerated Grassland},
  author={He Changbin,You Yong},
  journal={Transations of the Chinese Society for Agricultural Machinery},
  volume={47},
  number={4},
  pages={79-89},
  year={2016},
}

@article{Islam2013Reinforcing,
  title={Reinforcing effect of vetiver (Vetiveria zizanioides) root in geotechnical structures - experiments and analyses},
  author={Islam, Mohammad S. and Shahin, Hossain M.},
  journal={Geomechanics Engineering},
  volume={5},
  number={4},
  pages={313-329},
  year={2013},
}

@article{Ji2012Effect,
  title={Effect of spatial variation of tree root characteristics on slope stability. A case study on Black Locust ( Robinia pseudoacacia ) and Arborvitae ( Platycladus orientalis ) stands on the Loess Plateau, China},
  author={Ji, Jinnan and Kokutse, Nomessi and Genet, Marie and Fourcaud, Thierry and Zhang, Zhiqiang},
  journal={Catena},
  volume={92},
  number={1},
  pages={139-154},
  year={2012},
}

@article{jot2014I,
  title={Infiltration and stability of soil slope with vetiver grass subjected to rainfall from numerical modeling},
  author={Jotisankasa, A and Mairaing, W and Tansamrit, S},
  booktitle={Proc. of 6th the International conference on unsaturated soils, UNSAT},
  pages={1241--1247},
  year={2014},
}

@article{Kleinfelder1992Unconfined,
  title={Unconfined Compressive Strength of Some Streambank Soils with Herbaceous Roots},
  author={Kleinfelder, Donald and Swanson, Sherman and Norris, Gary and Clary, Warren},
  journal={Soil Science Society of America Journal},
  volume={56},
  number={6},
  pages={1920-1925},
  year={1992},
}


@article{Kokutse2016Slope,
  title={Slope stability and vegetation: Conceptual and numerical investigation of mechanical effects},
  author={Kokutse, Nomessi Kuma and Temgoua, Andr√© Guy Tranquille and Kavazovic, Zanin},
  journal={Ecological Engineering},
  volume={86},
  pages={146-153},
  year={2016},
}


@article{Li1991,
  title={Effectiveness of plant roots in the Loess Plateau to improve soil erosion resistance},
  author={Li and Zhu Xianmo and Tian Jiyun},
  journal={Chinese science bulletin},
  volume={36},
  number={12},
  pages={935-938},
  year={1991},
}

@article{Li2015Mechanical,
  title={Mechanical effects of halophytes roots and optimal root content for slope protection in cold and arid environment},
  author={Li, Y. and Fu, J. and Yu, D. and Hu, X. and Zhu, H. and Li, G.},
  journal={Yanshilixue Yu Gongcheng Xuebao/chinese Journal of Rock Mechanics and Engineering},
  volume={34},
  number={7},
  pages={1370-1383},
  year={2015},
}

@article{Lin2013,
  title={3-D numerical investigations into the shear strength of the soil-root system of Makino bamboo and its effect on slope stability.},
  author={Lin, Der Guey and Huang, Bor Shun and Lin, Shin Hwei},
  journal={Ecological Engineering},
  volume={36},
  number={8},
  pages={992-1006},
  year={2010},
}


@article{Lin2014A,
  title={A dimensionless parameter determining slip surfaces in homogeneous slopes},
  author={Lin, Hang and Cao, Ping},
  journal={Ksce Journal of Civil Engineering},
  volume={18},
  number={2},
  pages={470-474},
  year={2014},
}

@article{Liu2013Exp,
  title={Experimental research on improving shear strength in slope protection by plant root system},
  author={Liu, Xiao Yana and Gui, Yongb and Luo, Si Haia and Deng, Tong Faa and Zhou, Jun Ping},
  journal={Journal of Jiangxi University of Science and Technology},
  year={2013},
}


@article{Mao2014Three,
  title={Three-dimensional modelling of slope stability in heterogeneous montane forest ecosystems},
  author={Mao, Zhun and Bourrier, Franck and Stokes, Alexia and Fourcaud, Thierry},
  journal={Ecological Modelling},
  volume={273},
  pages={11-22},
  year={2014},
}

@article{mickovski2011simulation,
  title={Simulation of direct shear tests on rooted and non-rooted soil using finite element analysis},
  author={Mickovski, Slobodan B and Stokes, Alexia and Van Beek, Rens and Ghestem, Murielle and Fourcaud, Thierry},
  journal={Ecological Engineering},
  volume={37},
  number={10},
  pages={1523--1532},
  year={2011},
  publisher={Elsevier}
}

@article{NG2017Atm,
  title={Atmopsphere-plant-soil interactions:theories and mechanisms},
  author={Charles Wang-Wai NG},
  journal={Chinese Journal of Geotechnical Engineering},
  volume={39},
  number={1},
  year={2017},
}

@article{Nie2011Experimental,
  title={Experimental Research on Strength and Deformation of Root Fiber Stabilized Soil of Ecology Slope},
  author={Nie, Ying and Chen, Xiao Hong and Zheng-Yao, F. U. and Zhou, Cheng and Feng-Han, H. U. and Yin, Yuan Chu and Tao, Xiu},
  journal={Journal of Railway Engineering Society},
  year={2011},
}


@article{pollen2007temporal,
  title={Temporal and spatial variability in root reinforcement of streambanks: accounting for soil shear strength and moisture},
  author={Pollen, Natasha},
  journal={Catena},
  volume={69},
  number={3},
  pages={197--205},
  year={2007},
  publisher={Elsevier},
}

@article{Pollen2005Estimating,
  title={Estimating the mechanical effects of riparian vegetation on stream bank stability using a fiber bundle model},
  author={Pollen, Natasha and Simon, Andrew},
  journal={Water Resources Research},
  volume={41},
  number={7},
  pages={226-244},
  year={2005},
}

@article{Rickli2009Effects,
  title={Effects of forests on shallow landslides - case studies in Switzerland.},
  author={Rickli, C and Graf, F and Rickli, C and Graf, F},
  journal={Forest Snow and Landscape Research},
  volume={82},
  number={1},
  pages={33-44},
  year={2009},
}

@article{Schmidt2001The,
  title={The variability of root cohesion as an influence on shallow landslide susceptibility in the Oregon Coast Range},
  author={Schmidt, K M and Roering, J J and Stock, J D and Dietrich, W E and Montgomery, D R and Schaub, T.},
  journal={Canadian Geotechnical Journal},
  volume={38},
  pages={995-1024},
  year={2001},
}

@article{Simon2002Quantifying,
  title={Quantifying the mechanical and hydrologic effects of riparian vegetation on streambank stability},
  author={Andrew Simon, and Andrew J.C. Collison},
  journal={Earth Surface Processes Landforms},
  volume={27},
  pages={527-546},
  year={2002},
}

@article{Stokes2009Desirable,
  title={Desirable plant root traits for protecting natural and engineered slopes against landslides},
  author={Stokes, Alexia and Atger, Claire and Bengough, Anthony Glyn and Fourcaud, Thierry and Sidle, Roy C.},
  journal={Plant and Soil},
  volume={324},
  number={1-2},
  pages={1-30},
  year={2009},
}

@article{Tard2015Method,
  title={Method for synchronisation of soil and root behaviour for assessment of stability of vegetated slopes},
  author={Tard√≠o, Guillermo and Mickovski, Slobodan B.},
  journal={Ecological Engineering},
  volume={82},
  pages={222-230},
  year={2015},
}

@article{Temgoua2017A,
  title={A 3D model applied to analyze the mechanical stability of real-world forested hillslopes prone to landslides},
  author={Temgoua, Andr√© Guy Tranquille and Kokutse, Nomessi K. and Kavazoviƒá, Zanin and Richard, Martin},
  journal={Ecological Engineering},
  volume={106},
  pages={609-619},
  year={2017},
}

@article{Tengbeh1993The,
  title={The effect of grass roots on shear strength variations with moisture content},
  author={Tengbeh, G. T.},
  journal={Soil Technology},
  volume={6},
  number={3},
  pages={287-295},
  year={1993},
}

@article{waldron1981soil,
  title={Soil reinforcement by roots: calculation of increased soil shear resistance from root properties.},
  author={Waldron, LJ and Dakessian, Suren},
  journal={Soil science},
  volume={132},
  number={6},
  pages={427--435},
  year={1981},
  publisher={LWW}
}

@article{Waldron1977The,
  title={The Shear Resistance of Root-Permeated Homogeneous and Stratified Soil},
  author={Waldron,nbsp and L., J},
  journal={Journal of the Soil Science Society of America},
  volume={41},
  number={5},
  pages={843-849},
  year={1977},
}


@article{Wu1979St,
  title={Strength of tree roots and landslides on Prince of Wales Island Alaska},
  author={Wu, Tien H. and Iii, Mc Kinnell},
  journal={Canadian Geotechnical Journal},
  volume={16},
  pages={19-33},
  year={1979},
}

@article{Wu2011In,
  title={In situ shear tests of soil blocks with roots},
  author={Wu, Tien H and Watson, Alex},
  journal={Canadian Geotechnical Journal},
  volume={35},
  number={4},
  pages={579-590},
  year={2011},
}

@article{Wu1979St,
  title={Strength of tree roots and landslides on Prince of Wales Island Alaska},
  author={Wu, Tien H. and Iii, Mc Kinnell},
  journal={Canadian Geotechnical Journal},
  volume={16},
  number={1},
  pages={19-33},
  year={1979},
}

@article{LIU2006Study,
  title={Study on the shear strength of forest root-loess composite},
  author={LIU Xiu-ping and CHEN Li-hua},
  journal={Journal of Beijing Forestry University},
  year={2006},
}

@article{Yan2004comp,
  title={Comparison of contrast between direct box shear test and triaxila test},
  author={Yan},
  journal={Shanxi Architecture},
  volume={30},
  number={24},
  pages={64-65},
  year={2004},
}

@article{yang2016situ,
  title={In-situ measurement and model prediction of fixing soil capabilities for three industrial biogas crops roots.},
  author={Yang, Yang and Qin, XiangDong and Duan, QingSong and Gong, AiMin and Li, YaWei and Wang, JinXia and Lei, YunYong and others},
  journal={Journal of Yunnan Agricultural University},
  volume={31},
  number={6},
  pages={1103--1110},
  year={2016},
  publisher={Yunnan Agricultural University}
}


@article{Yu2016Triaxial,
  title={Triaxial test research on mechanical properties and permeability of sandstone with a single joint filled with gypsum},
  author={Yu, Jin and Chen, Xu and Cai, Yan Yan and Li, Hong},
  journal={Ksce Journal of Civil Engineering},
  volume={20},
  number={6},
  pages={2243-2252},
  year={2016},
}

@article{zhang2001shear,
  title={Shear strength of surface soil as affected by soil bulk density and soil water content},
  author={Zhang, B and Zhao, QG and Horn, R and Baumgartl, T},
  journal={Soil and tillage research},
  volume={59},
  number={3--4},
  pages={97--106},
  year={2001},
  publisher={Elsevier}
}

@article{zhang2010triaxial,
  title={Triaxial compression test of soil--root composites to evaluate influence of roots on soil shear strength},
  author={Zhang, Chao-Bo and Chen, Li-Hua and Liu, Ya-Ping and Ji, Xiao-Dong and Liu, Xiu-Ping},
  journal={Ecological Engineering},
  volume={36},
  number={1},
  pages={19--26},
  year={2010},
  publisher={Elsevier}
}

@article{zhou2014mechanism,
  title={Mechanism of plant lateral root reinforcing soil based on CT scan and mesomechanics analysis},
  author={Zhou, Yunyan and Xu, Kun and Chen, Jianping and Wang, Xiaomei},
  journal={Transactions of the Chinese Society of Agricultural Engineering},
  volume={30},
  number={1},
  pages={1--9},
  year={2014},
  publisher={Editorial Office of Transactions of the Chinese Society of Agricultural Engineering}
}

@article{Zhou2008EXp,
  title={Experimental Study on  Soil-Reinforcement by Vetiver Grass Root in Bioengineering Stabilization of Slopes},
  author={Zhou Cheng, Zhang Jibao, Zhou Rongguan},
  journal={Proceedings of the second National Symposium on environmental geotechnical engineering and geosynthetics},
  volume={2},
  year={2008},
}

@article{Zienkiewicz1900Associated,
  title={Associated and non-associated visco-plasticity and plasticity in soil mechanics},
  author={Zienkiewicz, O. C. and Humpheson, C. and Lewis, R. W.},
  journal={Geotechnique},
  volume={25},
  number={25},
  pages={671-689},
  year={1900},
}


@article{Mao2014Three,
  title={Three-dimensional modelling of slope stability in heterogeneous montane forest ecosystems},
  author={Mao, Zhun and Bourrier, Franck and Stokes, Alexia and Fourcaud, Thierry},
  journal={Ecological Modelling},
  volume={273},
  number={2},
  pages={11-22},
  year={2014},
}

@article{Ji2012Effect,
  title={Effect of spatial variation of tree root characteristics on slope stability. A case study on Black Locust ( Robinia pseudoacacia ) and Arborvitae ( Platycladus orientalis ) stands on the Loess Plateau, China},
  author={Ji, Jinnan and Kokutse, Nomessi and Genet, Marie and Fourcaud, Thierry and Zhang, Zhiqiang},
  journal={Catena},
  volume={92},
  number={1},
  pages={139-154},
  year={2012},
}

@article{Hibbit1995Abaqus,
  title={Abaqus/Standard Users Manual;ABAQUS Keywords Manual; ABAQUS Theory Manua},
  author={Hibbit, Karlsson},
  volume={i‚Äìiii},
  year={1995},
}

@article{Thomas2010Modeling,
  title={Modeling root-reinforcement with a fiber-bundle model and Monte Carlo simulation},
  author={Thomas, R. E.},
  journal={Ecological Engineering},
  volume={36},
  number={1},
  pages={47-61},
  year={2010},
}

@article{Cristelo2015Influence,
  title={Influence of discrete fibre reinforcement on the uniaxial compression response and seismic wave velocity of a cement-stabilised sandy-clay},
  author={Cristelo, Nuno and Cunha, V√≠tor M. C. F. and Dias, M√≥nica and Gomes, Ant√≥nio Topa and Miranda, Tiago and Ara√∫jo, Nuno},
  journal={Geotextiles and Geomembranes},
  volume={43},
  number={1},
  pages={1-13},
  year={2015},
}

@article{Matsui1992FINITE,
  title={FINITE ELEMENT SLOPE STABILITY ANALYSIS BY SHEAR STRENGTH REDUCTION TECHNIQUE},
  author={Matsui, Tamotsu and San, Ka Ching},
  journal={Soils Foundations},
  volume={32},
  number={1},
  pages={59-70},
  year={1992},
}

@article{Schwarz2011Root,
  title={Root‚Äêsoil mechanical interactions during pullout and failure of root bundles},
  author={Schwarz, M and Cohen, D and Or, D},
  journal={Journal of Geophysical Research Atmospheres},
  volume={115},
  number={F4},
  pages={701-719},
  year={2011},
}

@book{Wray1986Measuring,
  title={Measuring Engineering Properties of Soil},
  author={Wray, Warrey K. and Long, Richard P.},
  publisher={Prentice-Hall,Englewood Cliffs,NJ},
  year={1986},
}

@article{Bordoni2016Quantifying,
  title={Quantifying the contribution of grapevine roots to soil mechanical reinforcement in an area susceptible to shallow landslides},
  author={Bordoni, M. and Meisina, C. and Vercesi, A. and Bischetti, G. B. and Chiaradia, E. A. and Vergani, C. and Chersich, S. and Valentino, R. and Bittelli, M. and Comolli, R.},
  journal={Soil and Tillage Research},
  volume={163},
  pages={195-206},
  year={2016},
}

@article{wu1979strength,
  title={Strength of tree roots and landslides on Prince of Wales Island, Alaska},
  author={Wu, Tien H and McKinnell III, William P and Swanston, Douglas N},
  journal={Canadian Geotechnical Journal},
  volume={16},
  number={1},
  pages={19--33},
  year={1979},
  publisher={NRC Research Press}
}

@article{Zhang2010Triaxial,
  title={Triaxial compression test of soil-root composites to evaluate influence of roots on soil shear strength.},
  author={Zhang, Chao Bo and Chen, Li Hua and Liu, Ya Ping and Ji, Xiao Dong and Liu, Xiu Ping},
  journal={Ecological Engineering},
  volume={36},
  pages={19-26},
  year={2010},
}

@book{Wray1986Measuring,
  title={Measuring Engineering Properties of Soil},
  author={Wray, Warrey K. and Long, Richard P.},
  publisher={Prentice-Hall,Englewood Cliffs,NJ},
  year={1986},
}

@article{Rabczuk2010A,
  title={A simple and robust three-dimensional cracking-particle method without enrichment},
  author={Rabczuk, Timon and Zi, Goangseup and Bordas, Stephane and Nguyen-Xuan, Hung},
  journal={Computer Methods in Applied Mechanics and Engineering},
  volume={199},
  pages={2437-2455},
  year={2010},
}

@article{labuz2012mohr,
  title={Mohr--Coulomb failure criterion},
  author={Labuz, Joseph F and Zang, Arno},
  journal={Rock mechanics and rock engineering},
  volume={45},
  number={6},
  pages={975--979},
  year={2012},
}

@article{Bisch2005root,
  title={Root strength and root area ratio of forest species in Lombardy (Northern Italy)},
  author={Bischetti, Gian Battista and Chiaradia, Enrico A and Simonato, Tommaso and Speziali, Barbara and Vitali, Barbara and Vullo, Paolo and Zocco, Antonio},
  journal={Plant and soil},
  volume={278},
  number={1-2},
  pages={11--22},
  year={2005},
}

@article{Genet2005The,
  title={The Influence of Cellulose Content on Tensile Strength in Tree Roots},
  author={Genet, Marie and Stokes, Alexia and Salin, Franck and Mickovski, Slobodan B. and Fourcaud, Thierry and Dumail, Jean Fran√ßois and Beek, Rens Van},
  journal={Plant and Soil},
  volume={278},
  number={1-2},
  pages={1-9},
  year={2005},
}

@article{Genuchten1980A,
  title={A closed-form equation for predicting the hydraulic conductivity of unsaturated soils.},
  author={Genuchten, M. T. Van},
  journal={Soil Science Society of America Journal},
  volume={44},
  number={44},
  pages={892-898},
  year={1980},
}

@article{Pollen2005Est,
  title={Estimating the mechanical effects of riparian vegetation on stream bank stability using a fiber bundle model},
  author={Pollen, Natasha and Simon, Andrew},
  journal={Water Resources Research},
  volume={41},
  number={7},
  pages={226-244},
  year={2005},
}

@article{wu1979strength,
  title={Strength of tree roots and landslides on Prince of Wales Island, Alaska},
  author={Wu, Tien H and McKinnell III, William P and Swanston, Douglas N},
  journal={Canadian Geotechnical Journal},
  volume={16},
  number={1},
  pages={19--33},
  year={1979},
  publisher={NRC Research Press}
}
@article{Gray1983Mechanics,
  title={Mechanics of Fiber Reinforcement in Sand},
  author={Gray, Donald H. and Ohashi, Harukazu},
  journal={Journal of Geotechnical Engineering},
  volume={109},
  number={3},
  pages={335-353},
  year={1983},
}

@article{Wu1979St,
  title={Strength of tree roots and landslides on Prince of Wales Island Alaska},
  author={Wu, Tien H. and Iii, Mc Kinnell},
  journal={Canadian Geotechnical Journal},
  volume={16},
  pages={19-33},
  year={1979},
}

@article{Lu2008Infinite,
  title={Infinite slope stability under steady unsaturated seepage conditions},
  author={Lu, Ning and Godt, Jonathan},
  journal={Water Resources Research},
  volume={44},
  number={11},
  pages={2276-2283},
  year={2008},
}

@article{Pollen2007Temporal,
  title={Temporal and spatial variability in root reinforcement of streambanks: Accounting for soil shear strength and moisture},
  author={Pollen, Natasha},
  journal={Catena},
  volume={69},
  number={3},
  pages={197-205},
  year={2007},
}

@article{Arnone2016Modeling,
  title={Modeling the hydrological and mechanical effect of roots on shallow landslides},
  author={Arnone, E. and Caracciolo, D. and Noto, L. V. and Preti, F. and Bras, R. L.},
  journal={Water Resources Research},
  volume={52},
  number={11},
  year={2016},
}

@book{lu2013hill,
  title={Hillslope hydrology and stability},
  author={Lu, Ning and Godt, Jonathan W},
  year={2013},
  publisher={Cambridge University Press}
}

@article{Cho2002Eva,
  title={Evaluation of Surficial Stability for Homogeneous Slopes Considering Rainfall Characteristics},
  author={Cho, Sung Eun and Lee, Seung Rae},
  journal={Journal of Geotechnical and Geoenvironmental Engineering},
  volume={128},
  number={9},
  pages={756-763},
  year={2002},
}

@article{Abdi2010,
  title={Quantifying the effects of root reinforcement of Persian Ironwood (Parrotia persica) on slope stability; a case study: Hillslope of Hyrcanian forests, northern Iran},
  author={Abdi, Ehsan and Majnounian, Baris and Genet, Maria},
  journal={Ecological Engineering},
  volume={36},
  number={10},
  pages={1409-1416},
  year={2010},
}

@article{Temgoua2017A,
  title={A 3D model applied to analyze the mechanical stability of real-world forested hillslopes prone to landslides},
  author={Temgoua, Andr√© Guy Tranquille and Kokutse, Nomessi K. and Kavazovi?, Zanin and Richard, Martin},
  journal={Ecological Engineering},
  volume={106},
  year={2017},
}

@article{Dam2008Adv,
  title={Advances of Modeling Water Flow in Variably Saturated Soils with SWAP},
  author={Dam, Jos C. Van and Groenendijk, Piet and Hendriks, Rob F. A. and Kroes, Joop G.},
  journal={Vadose Zone Journal},
  volume={7},
  number={2},
  pages={640-653},
  year={2008},
}

@article{Zhu2015Eva,
  title={Evaluating suction profile in a vegetated slope considering uncertainty in transpiration},
  author={H.Zhu, L.M. Zhang},
  journal={Computers and Geotechnics},
  volume={63},
  number={26},
  pages={112-120},
  year={2015},
}

@article{Mao2014Three,
  title={Three-dimensional modelling of slope stability in heterogeneous montane forest ecosystems},
  author={Mao, Zhun and Bourrier, Franck and Stokes, Alexia and Fourcaud, Thierry},
  journal={Ecological Modelling},
  volume={273},
  number={2},
  pages={11-22},
  year={2014},
}

@article{Tranq20173D,
  title={3D model applied to analyze the mechanical stability of real-world forested hillslopes prone to landslides},
  author={Tranquille, Andr√£¬© Guy and Nomessi, K},
  journal={Ecological Engineering},
  volume={106},
  year={2017},
}

@article{Waldron1977The,
  title={The Shear Resistance of Root-Permeated Homogeneous and Stratified Soil},
  author={Waldron,&nbsp and L., J},
  journal={Journal of the Soil Science Society of America},
  volume={41},
  number={5},
  pages={843-849},
  year={1977},
}

@article{Arnone2016Modeling,
  title={Modeling the hydrological and mechanical effect of roots on shallow landslides},
  author={Arnone, E. and Caracciolo, D. and Noto, L. V. and Preti, F. and Bras, R. L.},
  journal={Water Resources Research},
  volume={52},
  number={11},
  year={2016},
}

@article{Chir2013Role,
  title={Role of Vegetation on Slope Stability under Transient Unsaturated Conditions},
  author={Chirico, Giovanni B. and Borga, Marco and Tarolli, Paolo and Rigon, Riccardo and Preti, Federico},
  journal={Procedia Environmental Sciences},
  volume={19},
  number={19},
  pages={932-941},
  year={2013},
}

@article{Stokes2014Ecological,
  title={Ecological mitigation of hillslope instability: ten key issues facing researchers and practitioners},
  author={Stokes, Alexia and Douglas, Grant B. and Fourcaud, Thierry and Giadrossich, Filippo and Gillies, Clayton and Hubble, Thomas and Kim, John H. and Loades, Kenneth W. and Mao, Zhun and Mcivor, Ian R.},
  journal={Plant and Soil},
  volume={377},
  number={1-2},
  pages={1-23},
  year={2014},
}

@article{Greenway1987Vegetation,
  title={Vegetation and slope stability},
  author={Greenway, D. R},
  journal={Slope Stability Geotechnical Engineering and Geomorphology},
  year={1987},
}

@book{Jotisankasa2014Inf,
  title={Infiltration and stability of soil slope with vetiver grass subjected to rainfall from numerical modeling},
  author={Jotisankasa, A. and Mairaing, W. and Tansamrit, S.},
  year={2014},
}

@article{Dam2008Adv,
  title={Advances of Modeling Water Flow in Variably Saturated Soils with SWAP},
  author={Dam, Jos C. Van and Groenendijk, Piet and Hendriks, Rob F. A. and Kroes, Joop G.},
  journal={Vadose Zone Journal},
  volume={7},
  number={2},
  pages={640-653},
  year={2008},
}

@article{Temgoua2016In,
  title={Influence of forest stands and root morphologies on hillslope stability},
  author={Temgoua, Andr√© Guy Tranquille and Kokutse, Nomessi K. and Kavazoviƒá, Zanin},
  journal={Ecological Engineering},
  volume={95},
  number={October 2016},
  pages={622-634},
  year={2016},
}

@article{Preti2009Root,
  title={Root reinforcement and slope bioengineering stabilization by Spanish Broom (Spartium junceum L.).},
  author={Preti, F and Giadrossich, F},
  journal={Hydrology \& Earth System Sciences Discussions},
  volume={6},
  number={3},
  pages={1713-1726},
  year={2009},
}

@article{Romano2011Par,
  title={Parameterization of a bucket model for soil-vegetation-atmosphere modeling under seasonal climatic regimes},
  author={Romano, N. and Palladino, M. and Chirico, G. B.},
  journal={Hydrology and Earth System Sciences},
  volume={15},
  number={3},
  pages={3877-3893},
  year={2011},
}


@article{Beek2005Observation,
  title={Observation and simulation of root reinforcement on abandoned Mediterranean slopes},
  author={Beek, L. P. H. Van and Wint, J. and Cammeraat, L. H. and Edwards, J. P.},
  journal={Plant \& Soil},
  volume={278},
  number={1/2},
  pages={55-74},
  year={2005},
}

@article{Li2010Water,
  title={Water uptake profile response of corn to soil moisture depletion},
  author={Li, Y and Fuchs, M and Cohen, S and Cohen, Y and Wallach, R},
  journal={Plant Cell \& Environment},
  volume={25},
  number={4},
  pages={491-500},
  year={2010},
}

@article{ng2017atmosphere,
  title={Atmosphere-plant-soil interactions: Theories and mechanisms},
  author={Ng, Charles Wang-Wai},
  journal={Chinese Journal of Geotechnical Engineering},
  volume={1},
  pages={002},
  year={2017}
}

@article{Alonso2010A,
  title={A microstructurally based effective stress for unsaturated soils},
  author={Alonso, E. E. and Pereira, J. M. and Vaunat, J. and Olivella, S.},
  journal={G√©otechnique},
  volume={62},
  number={5},
  pages={463-465},
  year={2010},
}

@article{ng2016hydr,
  title={Hydrological effects of live poles on transient seepage in an unsaturated soil slope: centrifuge and numerical study},
  author={Ng, Charles WW and Leung, Anthony K and Yu, Ruiwang and Kamchoom, Viroon},
  journal={Journal of Geotechnical and Geoenvironmental Engineering},
  volume={143},
  number={3},
  pages={04016106},
  year={2016},
  publisher={American Society of Civil Engineers}
}

@article{simon2002quantifying,
  title={Quantifying the mechanical and hydrologic effects of riparian vegetation on streambank stability},
  author={Simon, Andrew and Collison, Andrew JC},
  journal={Earth Surface Processes and Landforms},
  volume={27},
  number={5},
  pages={527--546},
  year={2002},
  publisher={Wiley Online Library}
}


@article{ng2016centrifuge,
  title={Centrifuge modelling of the effects of root geometry on transpiration-induced suction and stability of vegetated slopes},
  author={Ng, Charles Wang Wai and Kamchoom, Viroon and Leung, Anthony Kwan},
  journal={Landslides},
  volume={13},
  number={5},
  pages={925--938},
  year={2016},
  publisher={Springer}
}

@article{Pollen2010Hydro,
  title={Hydrologic and hydraulic effects of riparian root networks on streambank stability: Is mechanical root-reinforcement the whole story?},
  author={Pollen-Bankhead, Natasha and Simon, Andrew},
  journal={Geomorphology},
  volume={116},
  number={3},
  pages={353-362},
  year={2010},
}

@article{Rahardjo2014Per,
  title={Performance of an instrumented slope covered with shrubs and deep-rooted grass},
  author={Rahardjo, H. and Satyanaga, A. and Leong, E. C. and Santoso, V. A. and Ng, Y. S.},
  journal={Soils \& Foundations},
  volume={54},
  number={3},
  pages={417-425},
  year={2014},
}


@article{li2002water,
  title={Water uptake profile response of corn to soil moisture depletion},
  author={Li, Y and Fuchs, M and Cohen, S and Cohen, Y and Wallach, R},
  journal={Plant, Cell \& Environment},
  volume={25},
  number={4},
  pages={491--500},
  year={2002},
  publisher={Wiley Online Library}
}


@article{indr2006num,
  title={Numerical analysis of matric suction effects of tree roots},
  author={Indraratna, Buddhima and Fatahi, Behzad and Khabbaz, H},
  year={2006}
}


@article{yang2018inv,
  title={The Investigation and 3D Numerical Simulation of Herb Roots in Reinforcing Soil and Stabilizing Slope},
  author={Yang, Yang and Wang, Jinxia and Duan, Qingsong and Su, Chao and Yan, Mingjiao and Dong, Yijia},
  journal={KSCE Journal of Civil Engineering},
  pages={1--13},
  year={2018},
  publisher={Springer}
}


@article{Ng2017Atm,
  title={Atmosphere-plant-soil interactions:theories and mechanisms},
  author={Ng, Wang Wai},
  journal={Chinese Journal of Geotechnical Engineering},
  volume={39},
  number={1},
  pages={1-47},
  year={2017},
}



@article{Operstein2000The,
  title={The influence of vegetation on soil strength},
  author={Operstein, V. and Frydman, S.},
  journal={Proceedings of the Institution of Civil Engineers Ground Improvement},
  volume={4},
  number={2},
  pages={81-89},
  year={2000},
}


@article{chok2004mod,
  title={Modelling the effects of vegetation on stability of slopes},
  author={Chok, Y and Kaggwa, G and Jaksa, M and Griffiths, D},
  year={2004},
  publisher={Centre for Continuing Education, Uni Auckland}
}


@article{li2012res,
  title={Research on calculation model for stability evaluation of rainfall-induced shallow landslides},
  author={Li, Ning and XU, Jian-cong and QIN, Ya-zhou},
  journal={Rock and Soil Mechanics},
  volume={33},
  number={5},
  pages={1485--1490},
  year={2012}
}


@article{ni2018mod,
  title={Modelling soil suction changes due to mixed species planting},
  author={Ni, JJ and Leung, AK and Ng, Charles Wang Wai},
  journal={Ecological Engineering},
  volume={117},
  pages={1--17},
  year={2018},
  publisher={Elsevier}
}

@article{Vanapalli1996Mo,
  title={Model for the prediction of shear strength with respect to soil suction},
  author={Vanapalli, S K and Fredlund, D G and Pufahl, D E and Clifton, A W},
  journal={Canadian Geotechnical Journal},
  volume={33},
  number={3},
  pages={379-392},
  year={1996},
}

@article{Ni2017Modelling,
  title={Modelling hydro-mechanical reinforcements of plants to slope stability},
  author={Ni, J. J. and Leung, A. K. and Ng, C. W. W. and Shao, W.},
  journal={Computers and Geotechnics},
  volume={95},
  number={11},
  pages={99-109},
  year={2017},
}

@article{oorthuis2018,
  title={Monitoring of a Full-Scale Embankment Experiment Regarding Soil--Vegetation--Atmosphere Interactions},
  author={Oorthuis, Ra{\"u}l and H{\"u}rlimann, Marcel and Fraccica, Alessandro and Lloret, Antonio and Moya, Jos{\'e} and Puig-Polo, C{\`a}rol and Vaunat, Jean},
  journal={Water},
  volume={10},
  number={6},
  pages={688},
  year={2018},
  publisher={Multidisciplinary Digital Publishing Institute}
}

@article{zhu2018influences,
  title={The Influences of Riparian Vegetation on Bank Failures of a Small Meadow-Type Meandering River},
  author={Zhu, Haili and Hu, Xiasong and Li, Zhiwei and Song, Lu and Li, Ke and Li, Xilai and Li, Guorong},
  journal={Water},
  volume={10},
  number={6},
  pages={692},
  year={2018},
  publisher={Multidisciplinary Digital Publishing Institute}
}


@article{rousseau2018,
  title={Comparing the Sensitivity of Bank Retreat to Changes in Biophysical Conditions between Two Contrasting River Reaches Using a Coupled Morphodynamic Model},
  author={Rousseau, Yannick Y and Biron, Pascale M and Van de Wiel, Marco J},
  journal={Water},
  volume={10},
  number={4},
  pages={518},
  year={2018},
  publisher={Multidisciplinary Digital Publishing Institute}
}

@article{zegeye2018,
  title={Root reinforcement to soils provided by common Ethiopian highland plants for gully erosion control},
  author={Zegeye, Assefa D and Langendoen, Eddy J and Tilahun, Seifu A and Mekuria, Wolde and Poesen, Jean and Steenhuis, Tammo S},
  journal={Ecohydrology},
  pages={e1940},
  year={2018},
  publisher={Wiley Online Library}
}

@article{leung2015,
  title={Root systems of native shrubs and trees in Hong Kong and their effects on enhancing slope stability},
  author={Leung, Flora TY and Yan, WM and Hau, Billy CH and Tham, LG},
  journal={Catena},
  volume={125},
  pages={102--110},
  year={2015},
  publisher={Elsevier}
}

@article{PedersenModelling,
  title={Modelling diverse root density dynamics and deep nitrogen uptake‚ÄîA simple approach},
  author={Pedersen, Anders and Kefeng Zhang and Kristian Thorup-Kristensen and Lars S. Jensen},
  journal={Plant \& Soil},
  volume={326},
  number={1-2},
  pages={493-510},
  year={2009}
}

@article{OsmanParameters,
  title={Parameters to predict slope stability‚ÄîSoil water and root profiles},
  author={Osman, Normaniza and S.S. Barakbah},
  journal={Ecological Engineering},
  volume={28},
  number={1},
  pages={90-95},
  year={2006}
}

@article{WuMod,
  title={Modeling soil water movement with water uptake by roots},
  author={Wu, Jinquan and Renduo Zhang and Shengxiang Gui},
  journal={Plant \& Soil},
  volume={215},
  number={1},
  pages={7-17},
  year={1999}
}

@article{Zhang2015Effects,
  title={Effects of wild herbaceous vegetation roots on undisturbed surface soil shear strength},
  author={Zhang, Hui Ren and Fa-Hu, L. I. and Zhang, Xin Ping},
  journal={Journal of China Agricultural University},
  volume={20},
  number={4},
  pages={189-195},
  year={2015}
}